<record><leader>00000cas a2200000 a 4500</leader><controlfield tag="001">24188051</controlfield><controlfield tag="008">910807d18uu1uuumiucr ne      0    0eng c</controlfield><datafield ind1=" " ind2=" " tag="010"><subfield code="a">sn 91066739 </subfield></datafield><datafield ind1=" " ind2=" " tag="040"><subfield code="a">NYS</subfield><subfield code="b">eng</subfield><subfield code="c">NYS</subfield><subfield code="d">MHN</subfield><subfield code="d">OCL</subfield><subfield code="d">OCLCQ</subfield><subfield code="d">OCLCF</subfield><subfield code="d">OCLCO</subfield></datafield><datafield ind1="1" ind2=" " tag="029"><subfield code="a">AU@</subfield><subfield code="b">000008652304</subfield></datafield><datafield ind1=" " ind2=" " tag="042"><subfield code="a">pcc</subfield></datafield><datafield ind1=" " ind2=" " tag="043"><subfield code="a">n-us-mi</subfield></datafield><datafield ind1="0" ind2="0" tag="245"><subfield code="a">Detroit semi-weekly free press.</subfield></datafield><datafield ind1="1" ind2="3" tag="246"><subfield code="a">Detroit free press</subfield></datafield><datafield ind1=" " ind2=" " tag="260"><subfield code="a">Detroit, Mich. :</subfield><subfield code="b">Wilbur F. Storey</subfield></datafield><datafield ind1=" " ind2=" " tag="300"><subfield code="a">v. ;</subfield><subfield code="c">67 cm.</subfield></datafield><datafield ind1=" " ind2=" " tag="310"><subfield code="a">Semiweekly</subfield></datafield><datafield ind1=" " ind2=" " tag="580"><subfield code="a">Other eds. available: Detroit daily free press (Detroit, Mich. : 1851); and: Detroit free press (Detroit, Mich. : Weekly); and: Detroit tri-weekly free press (title uncertain), and: Detroit free press (Detroit, Mich. : State ed.).</subfield></datafield><datafield ind1=" " ind2=" " tag="588"><subfield code="a">Description based on: Vol. 30, no. 49 (Mar. 19, 1857).</subfield></datafield><datafield ind1=" " ind2="0" tag="651"><subfield code="a">Detroit (Mich.)</subfield><subfield code="v">Newspapers.</subfield></datafield><datafield ind1=" " ind2="0" tag="651"><subfield code="a">Wayne County (Mich.)</subfield><subfield code="v">Newspapers.</subfield></datafield><datafield ind1=" " ind2="7" tag="655"><subfield code="a">Newspapers.</subfield><subfield code="2">fast</subfield><subfield code="0">(OCoLC)fst01423814</subfield></datafield><datafield ind1=" " ind2="7" tag="651"><subfield code="a">Michigan</subfield><subfield code="z">Detroit.</subfield><subfield code="2">fast</subfield><subfield code="0">(OCoLC)fst01205010</subfield></datafield><datafield ind1=" " ind2="7" tag="651"><subfield code="a">Michigan</subfield><subfield code="z">Wayne County.</subfield><subfield code="2">fast</subfield><subfield code="0">(OCoLC)fst01206628</subfield></datafield><datafield ind1=" " ind2=" " tag="752"><subfield code="a">United States</subfield><subfield code="b">Michigan</subfield><subfield code="c">Wayne</subfield><subfield code="d">Detroit.</subfield></datafield><datafield ind1="0" ind2=" " tag="775"><subfield code="t">Detroit daily free press (Detroit, Mich. : 1851)</subfield><subfield code="w">(DLC)sn 83016680</subfield><subfield code="w">(OCoLC)9975463</subfield></datafield><datafield ind1="1" ind2=" " tag="775"><subfield code="t">Detroit free press (Detroit, Mich. : Weekly)</subfield><subfield code="w">(DLC)sn 83016616</subfield><subfield code="w">(OCoLC)9940462</subfield></datafield><datafield ind1="1" ind2=" " tag="775"><subfield code="t">Detroit tri-weekly free press</subfield></datafield><datafield ind1="1" ind2=" " tag="775"><subfield code="t">Detroit free press (Detroit, Mich. : State ed.)</subfield><subfield code="w">(DLC)sn 87065726</subfield><subfield code="w">(OCoLC)1775552</subfield></datafield></record>